<record><leader>00000cas a2200000 a 4500</leader><controlfield tag="001">28493037</controlfield><controlfield tag="008">930723d19911997oruwr n       0   a0eng c</controlfield><datafield ind1=" " ind2=" " tag="010"><subfield code="a">sn 99063895 </subfield></datafield><datafield ind1=" " ind2=" " tag="040"><subfield code="a">BAY</subfield><subfield code="b">eng</subfield><subfield code="c">BAY</subfield><subfield code="d">OCL</subfield><subfield code="d">OCN</subfield><subfield code="d">OCLCQ</subfield><subfield code="d">OCLCF</subfield><subfield code="d">OCLCO</subfield></datafield><datafield ind1="1" ind2=" " tag="029"><subfield code="a">AU@</subfield><subfield code="b">000021315995</subfield></datafield><datafield ind1=" " ind2=" " tag="032"><subfield code="a">369-880</subfield><subfield code="b">USPS</subfield></datafield><datafield ind1=" " ind2=" " tag="037"><subfield code="b">The Myrtle Point Herald, 408 Spruce St., Myrtle Point, OR 97458</subfield></datafield><datafield ind1=" " ind2=" " tag="042"><subfield code="a">pcc</subfield></datafield><datafield ind1=" " ind2=" " tag="043"><subfield code="a">n-us-or</subfield></datafield><datafield ind1=" " ind2="4" tag="050"><subfield code="a">QA76.27</subfield><subfield code="b">.H46</subfield></datafield><datafield ind1="0" ind2=" " tag="130"><subfield code="a">Herald (Myrtle Point, Or.)</subfield></datafield><datafield ind1="1" ind2="0" tag="245"><subfield code="a">Herald.</subfield></datafield><datafield ind1="1" ind2="3" tag="246"><subfield code="a">Myrtle Point Herald</subfield></datafield><datafield ind1=" " ind2=" " tag="260"><subfield code="a">Myrtle Point, Or. :</subfield><subfield code="b">L. Isenhart,</subfield><subfield code="c">1991-1997.</subfield></datafield><datafield ind1=" " ind2=" " tag="300"><subfield code="a">v.</subfield></datafield><datafield ind1=" " ind2=" " tag="310"><subfield code="a">Weekly</subfield></datafield><datafield ind1="0" ind2=" " tag="362"><subfield code="a">102nd year, no. 13 (Mar. 27, 1991)-106th year, no. 52 (Dec. 27, 1995); vol. 107, no. 1 (Jan. 3, 1996)-v. 108, no. 1 (Jan 1, 1997).</subfield></datafield><datafield ind1=" " ind2=" " tag="530"><subfield code="a">Also issued on microfilm from University of Oregon.</subfield></datafield><datafield ind1=" " ind2="0" tag="651"><subfield code="a">Myrtle Point (Or.)</subfield><subfield code="v">Newspapers.</subfield></datafield><datafield ind1=" " ind2="0" tag="651"><subfield code="a">Coos County (Or.)</subfield><subfield code="v">Newspapers.</subfield></datafield><datafield ind1=" " ind2="7" tag="655"><subfield code="a">Newspapers.</subfield><subfield code="2">fast</subfield><subfield code="0">(OCoLC)fst01423814</subfield></datafield><datafield ind1=" " ind2="7" tag="651"><subfield code="a">Oregon</subfield><subfield code="z">Coos County.</subfield><subfield code="2">fast</subfield><subfield code="0">(OCoLC)fst01213855</subfield></datafield><datafield ind1=" " ind2="7" tag="651"><subfield code="a">Oregon</subfield><subfield code="z">Myrtle Point.</subfield><subfield code="2">fast</subfield><subfield code="0">(OCoLC)fst01250833</subfield></datafield><datafield ind1=" " ind2=" " tag="752"><subfield code="a">United States</subfield><subfield code="b">Oregon</subfield><subfield code="c">Coos</subfield><subfield code="d">Myrtle Point.</subfield></datafield><datafield ind1="0" ind2="0" tag="780"><subfield code="t">Myrtle Point herald</subfield><subfield code="w">(DLC)sn 99063894</subfield></datafield><datafield ind1="0" ind2="0" tag="785"><subfield code="t">Myrtle Point herald (Myrtle Point, Or.)</subfield><subfield code="w">(DLC)sn 99063896</subfield></datafield></record>